<?xml version="1.0" encoding="utf-8"?>
<record xmlns="http://www.loc.gov/MARC21/slim" xmlns:xsi="http://www.w3.org/2001/XMLSchema-instance" xsi:schemaLocation="http://www.loc.gov/MARC21/slim http://www.loc.gov/standards/marcxml/schema/MARC21slim.xsd">
	<leader>     nam a22     Mi 4500</leader>
	<controlfield tag="001">b12213846</controlfield>
	<controlfield tag="003">UaCaAUL</controlfield>
	<controlfield tag="006">m        d        </controlfield>
	<controlfield tag="007">cr cn |||m|||a</controlfield>
	<controlfield tag="008">191001s1865    ua      od    000 0 ara d</controlfield>
	<datafield ind1=" " ind2=" " tag="040">
		<subfield code="a">ZYU</subfield>
		<subfield code="b">ara</subfield>
		<subfield code="e">rda</subfield>
		<subfield code="c">ZYU</subfield>
	</datafield>
	<datafield ind1=" " ind2="4" tag="050">
		<subfield code="a">PJ6174</subfield>
		<subfield code="b">.K5 1865</subfield>
	</datafield>
	<datafield ind1=" " ind2="4" tag="082">
		<subfield code="a">492.72</subfield>
		<subfield code="b">K526h</subfield>
	</datafield>
	<datafield ind1="1" ind2=" " tag="100">
		<subfield code="6">880-01</subfield>
		<subfield code="a">Khafājī, Aḥmad ibn Muḥammad,</subfield>
		<subfield code="d">1571 or 1572-1659.</subfield>
	</datafield>
	<datafield ind1="1" ind2="0" tag="240">
		<subfield code="6">880-02</subfield>
		<subfield code="a">Shifāʼ al-ghalīl fīmā fī kalām al-ʻArab min al-dakhīl</subfield>
	</datafield>
	<datafield ind1="1" ind2="0" tag="245">
		<subfield code="6">880-03</subfield>
		<subfield code="a">Hādhā Kitāb Shifāʼ al-ghalīl fīmā fī kalām al-ʻArab min al-dakhīl ] /</subfield>
		<subfield code="c">taʼlīf Shihāb al-Dīn Aḥmad al-Khafājī.</subfield>
	</datafield>
	<datafield ind1=" " ind2=" " tag="260">
		<subfield code="6">880-04</subfield>
		<subfield code="a">[Miṣr] :</subfield>
		<subfield code="b">al-Maṭbaʻah al-Wahbīyah,</subfield>
		<subfield code="c">1282 [1865]</subfield>
	</datafield>
	<datafield ind1=" " ind2=" " tag="300">
		<subfield code="a">online resource (245 pages)</subfield>
	</datafield>
	<datafield ind1=" " ind2=" " tag="336">
		<subfield code="a">text</subfield>
		<subfield code="2">rdacontent</subfield>
	</datafield>
	<datafield ind1=" " ind2=" " tag="337">
		<subfield code="a">computer</subfield>
		<subfield code="2">rdamedia</subfield>
	</datafield>
	<datafield ind1=" " ind2=" " tag="338">
		<subfield code="a">online resource</subfield>
		<subfield code="2">rdacarrier</subfield>
	</datafield>
	<datafield ind1=" " ind2=" " tag="500">
		<subfield code="a">Edited by Naṣr al-Hūrīnī.</subfield>
	</datafield>
	<datafield ind1=" " ind2=" " tag="500">
		<subfield code="a">Part of the Arabic Collections Online (ACO) project, contributed by American University in Cairo Library.</subfield>
	</datafield>
	<datafield ind1=" " ind2=" " tag="504">
		<subfield code="a">Includes bibliographical references.</subfield>
	</datafield>
	<datafield ind1=" " ind2=" " tag="500">
		<subfield code="a">Colophon.</subfield>
	</datafield>
	<datafield ind1=" " ind2=" " tag="533">
		<subfield code="a">Electronic reproduction.</subfield>
		<subfield code="b">New York, N.Y. :</subfield>
		<subfield code="c">New York University,</subfield>
		<subfield code="d">2019.</subfield>
		<subfield code="5">NNU</subfield>
	</datafield>
	<datafield ind1=" " ind2="0" tag="650">
		<subfield code="a">Arabic language</subfield>
		<subfield code="x">Foreign words and phrases</subfield>
		<subfield code="v">Dictionaries.</subfield>
	</datafield>
	<datafield ind1=" " ind2="0" tag="650">
		<subfield code="a">Arabic language</subfield>
		<subfield code="x">Etymology</subfield>
		<subfield code="v">Dictionaries.</subfield>
	</datafield>
	<datafield ind1=" " ind2="7" tag="650">
		<subfield code="a">Arabic language</subfield>
		<subfield code="x">Etymology.</subfield>
		<subfield code="2">fast</subfield>
		<subfield code="0">(OCoLC)fst00812326</subfield>
	</datafield>
	<datafield ind1=" " ind2="7" tag="650">
		<subfield code="a">Arabic language</subfield>
		<subfield code="x">Foreign words and phrases.</subfield>
		<subfield code="2">fast</subfield>
		<subfield code="0">(OCoLC)fst00812334</subfield>
	</datafield>
	<datafield ind1=" " ind2="7" tag="655">
		<subfield code="a">Dictionaries.</subfield>
		<subfield code="2">fast</subfield>
		<subfield code="0">(OCoLC)fst01423826</subfield>
	</datafield>
	<datafield ind1="1" ind2=" " tag="700">
		<subfield code="6">880-05</subfield>
		<subfield code="a">Hūrīnī, Naṣr,</subfield>
		<subfield code="d">-1874 or 1875.</subfield>
	</datafield>
	<datafield ind1="2" ind2=" " tag="710">
		<subfield code="a">American University in Cairo.</subfield>
		<subfield code="b">Library.</subfield>
	</datafield>
	<datafield ind1="0" ind2=" " tag="730">
		<subfield code="a">Arabic Collections Online.</subfield>
	</datafield>
	<datafield ind1="0" ind2="8" tag="776">
		<subfield code="i">Online version:</subfield>
		<subfield code="a">Khafājī, Aḥmad ibn Muḥammad, 1571 or 1572-1659.</subfield>
		<subfield code="s">Shifāʼ al-ghalīl fīmā fī kalām al-ʻArab min al-dakhīl.</subfield>
		<subfield code="t">Hādhā Kitāb Shifāʼ al-ghalīl fīmā fī kalām al-ʻArab min al-dakhīl ]</subfield>
		<subfield code="d">[Miṣr] : al-Maṭbaʻah al-Wahbīyah, 1282 [1865]</subfield>
		<subfield code="w">(OCoLC)951597180</subfield>
	</datafield>
	<datafield ind1="0" ind2="8" tag="776">
		<subfield code="i">Print version:</subfield>
		<subfield code="a">Khafājī, Aḥmad ibn Muḥammad, 1571 or 1572-1659.</subfield>
		<subfield code="t">Hādhā Kitāb Shifāʼ al-ghalīl fīmā fī kalām al-ʻArab min al-dakhīl ]</subfield>
		<subfield code="w">(UaCaAUL)b12213846</subfield>
		<subfield code="w">(OCoLC)20047378</subfield>
	</datafield>
	<datafield ind1="4" ind2="0" tag="856">
		<subfield code="u">http://hdl.handle.net/2333.1/v9s4n57d</subfield>
	</datafield>
	<datafield ind1="1" ind2=" " tag="880">
		<subfield code="6">100-01</subfield>
		<subfield code="a">خفاجي، احمد بن محمد،</subfield>
		<subfield code="d">1571 or 1572-1659.</subfield>
	</datafield>
	<datafield ind1="1" ind2="0" tag="880">
		<subfield code="6">240-02</subfield>
		<subfield code="a">شفاء الغليل فيما في كلام العرب من الدخيل</subfield>
	</datafield>
	<datafield ind1="1" ind2="0" tag="880">
		<subfield code="6">245-03</subfield>
		<subfield code="a">هذا كتاب شفاء الغليل فيما في كلام العرب من الدخيل /</subfield>
		<subfield code="c">تأليف شهاب الدين أحمد الخفاجي.</subfield>
	</datafield>
	<datafield ind1=" " ind2=" " tag="880">
		<subfield code="6">260-04</subfield>
		<subfield code="a">[مصر] :</subfield>
		<subfield code="b">المطبعة الوهبية،</subfield>
		<subfield code="c">[1865] 1282.</subfield>
	</datafield>
	<datafield ind1="1" ind2=" " tag="880">
		<subfield code="6">700-05</subfield>
		<subfield code="a">هوريني، نصر،</subfield>
		<subfield code="d">-1874 or 1875.</subfield>
	</datafield>
	<datafield ind1=" " ind2=" " tag="959">
		<subfield code="a">NNU</subfield>
		<subfield code="b">WEB</subfield>
		<subfield code="c">GENI</subfield>
		<subfield code="t">0</subfield>
		<subfield code="m">Electronic access</subfield>
		<subfield code="s">01</subfield>
	</datafield>
	<datafield ind1=" " ind2=" " tag="999">
		<subfield code="i">UaCaAUL_b12213846</subfield>
		<subfield code="o">(OCoLC)ocm20047378 </subfield>
		<subfield code="s">auc_aco000916:</subfield>
	</datafield>
</record>
